@misc{goth,
title = {{Van gogh}},
author = {{Van Gogh}},
url = {https://en.wikipedia.org/wiki/Vincent_van_Gogh#/media/File:Vincent_van_Gogh_-_Self-Portrait_-_Google_Art_Project_(454045).jpg},
year={2016}
}

@misc{Prisma,
title = {{App Prisma}},
author = {PrismaLabs},
url = {https://play.google.com/store/apps/details?id=com.neuralprisma&hl=en},
year={2017}
}

@article{Paper1,
  title={A neural algorithm of artistic style},
  author={Gatys, Leon A and Ecker, Alexander S and Bethge, Matthias},
  journal={arXiv preprint arXiv:1508.06576},
  year={2015}
}

@inproceedings{Paper2,
  title={Artistic style transfer for videos},
  author={Ruder, Manuel and Dosovitskiy, Alexey and Brox, Thomas},
  booktitle={German Conference on Pattern Recognition},
  pages={26--36},
  year={2016},
  organization={Springer}
}

@misc{convo,
title = {{Understanding CNN's}},
author = {Deshpande},
url = {https://adeshpande3.github.io/adeshpande3.github.io/A-Beginner%27s-Guide-To-Understanding-Convolutional-Neural-Networks/},
year={2016}
}