@book{1,
	author = {W. Ertel},
	edition = {3},
	publisher = {Carl Hanser Verlag M\"{u}nchen},
	title = {Angewandte Kryptographie},
	year = {2007}
}

@book{2,
	author = {C. Karpfinger and H. Kiechle},
	edition = {1},
	publisher = {Vieweg+Teubner},
	title = {Kryptologie},
	year = {2010}
}

@book{3,
	author = {M. Miller},
	edition = {1},
	publisher = {B. G. Teubner GmbH},
	title = {Symmetrische Verschl\"{u}sselungsverfahren},
	year = {2003}
}

@misc{4,
	author = {C. Shannon},
	howpublished = {\url{http://netlab.cs.ucla.edu/wiki/files/shannon1949.pdf}},
	note = {Zugriff: 28.03.2016 09:34},
	title = {Communication Theory of Secrecy Systems}
}

@misc{5,
	author = {Christian Stobitzer},
	howpublished = {\url{ttp://www.kryptowissen.de/caesar-chiffre.html}},
	note = {Zugriff: 07.03.2016 13:50},
	title = {Caesar Verschl\"{u}sselung/ Caesar Chiffre},
	year = {2013}
}

@article{6,
	author = {J. Orlin Grabbe},
	howpublished = {\url{http://page.math.tu-berlin.de/~kant/teaching/hess/krypto-ws2006/des.htm}},
	journal = {Laissez Faire City Times},
	note = {Zugriff: 07.03.2016 13:50},
	number = {28},
	title = {The DES Algorithm Illustrated},
	volume = {2}
}

@misc{7,
	author = {Ralf Spier},
	howpublished = {\url{http://www-lehre.informatik.uni-osnabrueck.de/~rspier/referat/internet/DES-Algorithmus.html}},
	note = {Zugriff: 07.03.2016 13:50},
	school = {Universit\"{a}t Osnabr\"{u}ck},
	title = {Der Data Encryption Standard (DES)},
	year = {2001}
}

@book{8,
	author = {Johannes Buchmann},
	edition = {4te, erweiterte Auflage},
	publisher = {Springer-Verlag Berlin Heidelberg},
	title = {Einf\"{u}hrung in die Kryptologie},
	year = {2008}
}

@misc{9,
	author = {Alexander May},
	howpublished = {\url{http://www.cits.rub.de/imperia/md/content/may/ws1516/krypto_i.pdf}},
	note = {Zugriff: 09.03.2016 15:05},
	school = {Fakult\"{a}t f\"{u}r Mathematik an der Ruhr-Universit\"{a}t Bochum},
	title = {Symmetrische Kryptographie},
	year = {2015}
}

@misc{10,
	author = {Andreas Schneider},
	howpublished = {\url{http://www.mathebibel.de/satz-von-bayes}},
	note = {Zugriff: 25.03.2016 14:20},
	title = {Satz von Bayes}
}

@misc{11,
	author = {Alexander May},
	howpublished = {\url{http://www.cits.rub.de/imperia/md/content/may/0910/ws0910/krypto1ws09/02_perfekt.pdf}},
	note = {Zugriff: 09.03.2016 15:30},
	school = {Fakult\"{a}t f\"{u}r Mathematik an der Ruhr-Universit\"{a}t Bochum},
	title = {Prinzipien der modernen Kryptographie - Sicherheit},
	year = {2009}
}

@misc{12,
	author = {Friedrich Zander and Benny Rei{\ss}},
	howpublished = {\url{http://www.mathe.tu-freiberg.de/~hebisch/Praktikum11-4/Seite2.html}},
	month = {Mai},
	note = {Zugriff: 09.03.2016 16:00},
	school = {TU Bergakademie Freiberg},
	title = {Das One-Time-Pad},
	year = {2011}
}

@misc{13,
	author = {Klaus Lipinski and Hans Lackner and Oliver P. Lau\'{e} and Gerhard Kafka and Alexander Niemann and Eberhard Raasch and Bernhard Schoon and Andrej Radonic},
	howpublished = {\url{http://www.itwissen.info/definition/lexikon/Brute-Force-Angriff-brute-force-attack.html}},
	note = {Zugriff: 11.03.2016 17:20},
	title = {Brute-Force-Angriff},
	year = {2015}
}

@inproceedings{14,
	editor = {Instute Standards of and Technology},
	howpublished = {\url{http://csrc.nist.gov/publications/fips/fips197/fips-197.pdf}},
	institution = {Instutute of Standards and Technology},
	note = {Zugriff: 29.03.2016 17:30},
	title = {Advanced Encryption Standard (AES)},
	year = {2001}
}

@inbook{15,
	editor = {Electronic Frontier Foundation},
	howpublished = {\url{https://w2.eff.org/Privacy/Crypto/Crypto_misc/DESCracker}},
	note = {Zugriff: 12.03.2016 - 15:20},
	publisher = {O'Reilly Media},
	title = {Cracking DES},
	year = {1998}
}

@misc{16,
	author = {Klaus Lipinski and Hans Lackner and Oliver P. Lau\'{e} and Gerhard Kafka and Alexander Niemann and Eberhard Raasch and Bernhard Schoon and Andrej Radonic},
	howpublished = {\url{http://www.itwissen.info/definition/lexikon/Backdoor-backdoor.html}},
	note = {Zugriff: 12.03.2016 - 15:40},
	title = {Backdoor},
	year = {2012}
}

@article{17,
	editor = {Electronic Frontier Foundation},
	howpublished = {\url{https://www.eff.org/de/effector/7/14}},
	note = {Zugriff: 12.03.2016 15:40},
	number = {14},
	publisher = {Electronic Frontier Foundation},
	title = {EFFector online},
	volume = {07},
	year = {1994}
}

@misc{18,
	author = {Chris Christensen},
	howpublished = {\url{http://www.nku.edu/~christensen/3DES.pdf}},
	note = {Zugriff: 25.03.2016 - 14:30},
	school = {Department of Mathematics and Statistics Northern Kentucky University},
	title = {Double DES}
}

@misc{19,
	author = {Chris Kowalczyk},
	howpublished = {\url{http://www.crypto-it.net/eng/attacks/meet_in_the_middle.html}},
	note = {Zugriff: 28.03.2016 13:00},
	title = {Meet-In-The-Middle attack},
	year = {2013}
}

@misc{20,
	author = {Margaret Rouse},
	howpublished = {\url{http://internetofthingsagenda.techtarget.com/definition/meet-in-the-middle-attack}},
	note = {Zugriff: 25.03.2016 15:20},
	title = {Meet-In-The-Middle attack Definition},
	year = {2010}
}

@inproceedings{21,
	editor = {Instute Standards of and Technology},
	howpublished = {\url{http://csrc.nist.gov/publications/fips/fips46-3/fips46-3.pdf}},
	journal = {Federal Information Processing Standards Publication Series},
	note = {Zugriff: 12.03.2016 16:50},
	title = {FIPS Publication 46-3},
	year = {1999}
}

@misc{22,
	author = {Klaus Lipinski and Hans Lackner and Oliver P. Lau\'{e} and Gerhard Kafka and Alexander Niemann and Eberhard Raasch and Bernhard Schoon and Andrej Radonic},
	howpublished = {\url{http://www.itwissen.info/definition/lexikon/triple-DES-3DES-Dreifach-DES.html}},
	note = {Zugriff: 12.03.2016 16:30},
	title = {triple-DES},
	year = {2007}
}

@misc{23,
	author = {Besim Karadeniz},
	howpublished = {\url{http://www.netplanet.org/kryptografie/verfahren.shtml}},
	note = {Zugriff: 12.03.2016 16:30},
	title = {Kryptographie im Internet - Verschl\"{u}sselungsverfahren}
}

