@STRING{allerton= {Annual Allerton Conference on Communication, Control, and
		  Computing (Allerton)} }
@STRING{apr	= {Apr.} }
@STRING{aug	= {Aug.} }
@STRING{ciss	= {Conference on Information Sciences and Systems (CISS)} }
@STRING{dec	= {Dec.} }
@STRING{feb	= {Feb.} }
@STRING{globecom= {IEEE Global Telecommunications Conference (GLOBECOM)} }
@STRING{icc	= {IEEE International Conference on Communications (ICC)} }
@STRING{infocom	= {IEEE INFOCOM} }
@STRING{isit	= {IEEE International Symposium on Information Theory
		  (ISIT)} }
@STRING{itw	= {IEEE Information Theory Workshop (ITW)} }
@STRING{jan	= {Jan.} }
@STRING{jul	= {Jul.} }
@STRING{jun	= {Jun.} }
@STRING{mar	= {Mar.} }
@STRING{may	= {May} }
@STRING{milcom	= {IEEE Military Communications Conference (MILCOM)} }
@STRING{netcod_is={IEEE International Symposium on Network Coding (NetCod)} }
@STRING{netcod_is11={International Symposium on Network Coding (NetCod)} }
@STRING{netcod_ws={Workshop on Network Coding, Theory and Applications
		  (NetCod)} }
@STRING{nov	= {Nov.} }
@STRING{oct	= {Oct.} }
@STRING{rawnet	= {International Workshop on Resource Allocation in Wireless
		  Networks (RAWNET)} }
@STRING{sep	= {Sep.} }
@STRING{sigcomm	= {ACM SIGCOMM} }
@STRING{vtc_spring={IEEE Vehicular Technology Conference (VTC)} }
@STRING{winc	= {Wireless Network Coding (WiNC)} }
@STRING{wiopt	= {International Symposium on Modeling and Optimization in
		  Mobile, Ad Hoc, and Wireless Networks (WiOpt)} }


@misc{A10,
  publisher = {A10 Networks},
  howpublished = {\url{https://www.a10networks.com/resources/glossary/carrier-grade-network-address-translation}},
  note = {Visited: 20.08.2017 13:50},
  title = {CARRIER GRADE NETWORK ADDRESS TRANSLATION},
}


@misc{WhiteP,
  howpublished = {\url{https://portal.etsi.org/nfv/nfv_white_paper.pdf}},
  note = {Visited: 20.08.2017 13:40},
  title = {Network Functions Virtualisation},
}

@misc{NetDis,
  howpublished = {\url{http://www.etsi.org/news-events/news/644-2013-01-isg-nfv-created}},
  note = {Visited: 20.08.2017 15:50},
  title = {Leading operators create ETSI standards group for network functions virtualization},
}

@ARTICLE{Click,
AUTHOR="Joao Martins, Mohamed Ahmed et. al",
TITLE="ClickOS and the Art of Network Function Virtualization",
YEAR="2014",
}

@misc{DPDKOv,
  howpublished = {\url{http://dpdk.org/}},
  note = {Visited: 21.08.2017 15:50},
  title = {DPDK Website},
}

@book{bonaventure2011computer,
  title={Computer Networking: Principles, Protocols, and Practice},
  author={Bonaventure, Olivier},
  year={2011},
  publisher={The Saylor Foundation}
}


