@ARTICLE{WORK:1,
AUTHOR="Dominik Scholz",
TITLE="A Model for Performance Prediction in PC-based Packet Processing Systems",
YEAR="2014",
}

@ARTICLE{WORK:2,
AUTHOR="Muhammad Jamshed, YoungGyoun Moon and Donghwi Kim",
TITLE="mOS: A Reusable Networking Stack for Flow Monitoring Middleboxes",
}

@ARTICLE{WORK:3,
AUTHOR="Justine Sherry, Chang Lan and Raluca Ada Popa",
TITLE="BlindBox: Deep Packet Inspection over Encrypted Traffic",
YEAR="2015",
}

@ARTICLE{WORK:4,
AUTHOR="Jay Shah",
TITLE="Implementation and Performance Analysis of Firewall on Open vSwitch",
YEAR="2015",
}

@ARTICLE{WORK:5,
AUTHOR="Joao Martins, Mohamed Ahmed et. al",
TITLE="ClickOS and the Art of Network Function Virtualization",
YEAR="2014",
}