@misc{goth,
url = {https://en.wikipedia.org/wiki/Vincent_van_Gogh#/media/File:Vincent_van_Gogh_-_Self-Portrait_-_Google_Art_Project_(454045).jpg}
}

@misc{Prisma,
url = {https://play.google.com/store/apps/details?id=com.neuralprisma&hl=en}
}

@article{Paper1,
title = {A Neural Algorithm of Artistic Style},
author = {Leon A. Gatys et al.}
}

@article{Paper2,
title = {Artistic style transfer for videos},
author = {Manuel Ruder et al.}
}

@misc{convo,
url = {https://adeshpande3.github.io/adeshpande3.github.io/A-Beginner%27s-Guide-To-Understanding-Convolutional-Neural-Networks/}
}